@misc{pdf:CERT-LT:WannaCry-Ransomware-Report-v1.0:20170615,
  author          = "CERT-LT",
  title           = "{WannaCry Ransomware}",
  month           = "May",
  year            = "2017",
  url             = "https://www.cert.lt/doc/ENISA-WannaCry-v1.0.pdf",
  note            = "Accessed on 11-11-2017"
}
